yoavfreund@MacBook-Pro-9.local.45448